@Book{huml,
author = {Milan HUML},
title = {Mapování 10},
publisher = {Vydavatelství ČVUT},
year = {2005},
address = {Praha},
note = "319\,s.",
edition = {2},

isbn = {80-010-3166-7},
}

@Book{ttkh,
author = {Bohuslav VEVERKA and Růžena ZIMOVÁ},
title = {Topografická a tematická kartografie},
publisher = {České vysoké učení technické},
year = {2008},
note = "198\,s.",
edition = {1},
address = {Praha},

isbn = {978-80-01-04157-4},
}

@PhdThesis{cajthaml,
author = {Jiří CAJTHAML},
title = {Nové technologie pro zpracování a zpřístupnění starých map},
school = {ČVUT},
note = "169\,s.",
year = {2007},
address = {Praha},
}

@Misc{oldmaps,
key = {Oldmaps},
title = {{Oldmaps - Staré mapy}},
howpublished = {[online]},
year = {cit. 2014-01-28},
url = {http://oldmaps.geolab.cz/},
}

@Misc{vugtk,
key = {vugtk},
title = {Slovník VUGTK},
howpublished = {[online]},
year = {cit. 2014-01-29},
url = {http://www.vugtk.cz/slovnik/index.php},
}

@Book{telc_atlas,
author = {Jiří BLÁHA},
title = {Telč - svazek č.10},
publisher = {Historický ústav Akademie věd České republiky},
year = {2001},
address = {Praha},
series = {Historický atlas měst České republiky},
isbn = {80-728-6024-0},
}

@Book{telecky_okres,
author = {Jan TIRAY},
title = {Telecký okres},
publisher = {GARN},
year = {2008},
address = {Brno},
edition = {1.},
series = {Vlastivěda moravská},
isbn = {978-808-6347-981},
}

@Book{telc_skalicka,
author = {Miroslava NOVÁKOVÁ-SKALICKÁ},
title = {Telč},
publisher = {Krajské středisko státní památkové péče a ochrany přírody v Brně},
year = {1979},
address = {Brno},
}

@Book{hrady_a_zamky,
author = {Marcela NOVÁKOVÁ AND Klára NOVÁKOVÁ},
title = {Hrady a zámky v Čechách, na Moravě, ve Slezsku},
publisher = {Olympia},
year = {2005},
address = {Praha},
edition = {1.},
series = {Navštivte...},
note = "196\,s.",
isbn = {80-703-3874-1},
}

@Book{12pokladu_cech_moravy,
author = {Milena BLAŽKOVÁ},
title = {12 pokladů Čech a Moravy},
publisher = {Albatros},
year = {2004},
address = {Praha},
note = "318\,s.",
isbn = {80-00-01437-8},
}

@Misc{web_zamek,
key = {Oficiální stránky},
title = {{Oficiální stránky Státního zámku Telč}},
howpublished = {[online]},
year = {cit. 2014-02-03},
url = {http://www.zamek-telc.eu/},
}

@Misc{web_mesto,
key = {Oficiální stránky},
title = {{Oficiální stránky města Telč}},
howpublished = {[online]},
year = {cit. 2014-02-03},
url = {http://www.telc.eu/},
}

@MastersThesis{dp_telc_unesco,
author = {Iva POSPÍCHALOVÁ},
title = {Telč – památka UNESCO: ekonomické přínosy kulturního dědictví},
school = {Masarykova univerzita},
year = {2006},
type = {Diplomová práce},
address = {Brno},
}

@MastersThesis{dp_mazanik,
author = {Jan MAZANIK},
title = {Zámek Slatiňany -- zpracování mapové a plánové dokumentace},
school = {České vysoké učení technické},
year = {2014},
type = {Diplomová práce},
address = {Praha},
}

@MastersThesis{dp_mikova,
author = {Helena MÍKOVÁ},
title = {Zámek Konopiště -- zpracování mapové a plánové dokumentace},
school = {České vysoké učení technické},
year = {2014},
type = {Diplomová práce},
address = {Praha},
}

@MastersThesis{dp_grundelova,
author = {Tereza GŘUNDĚLOVÁ},
title = {Zámek Velké Losiny -- zpracování mapové a plánové dokumentace},
school = {České vysoké učení technické},
year = {2014},
type = {Diplomová práce},
address = {Praha},
}

@MastersThesis{dp_netolicka,
author = {Ilona NETOLICKÁ},
title = {GIS zámku Telč},
school = {České vysoké učení technické},
year = {2007},
type = {Diplomová práce},
address = {Praha},
}

@Misc{matkart,
key = {Matkart},
title = {{Matkart 2004}},
howpublished = {[online]},
year = {cit. 2014-03-16},
url = {http://www.kartografie.ic.cz/matkart/matkart.php?modul=M},
}

@Misc{arcgis_resources,
key = {ArcGIS-resources},
title = {{ArcGIS Resources - Help}},
howpublished = {[online]},
year = {cit. 2014-03-16},
url = {http://resources.arcgis.com/en/help/},
}

@Misc{geoportal_cuzk,
key = {Geoportál ČUZK},
title = {{Geoportál ČUZK}},
howpublished = {[online]},
year = {cit. 2014-03-17},
url = {http://geoportal.cuzk.cz/},
}

@Misc{zcu_transformace,
key = {Geometrické transformace},
title = {{Geometrické transformace v GIS}},
howpublished = {[online]},
year = {cit. 2014-03-19},
url = {http://gis.zcu.cz/studium/ugi/referaty/05/GeometrickeTransformace/},
}

@Misc{gis_dictionary,
key = {GIS Dictionary},
title = {{GIS Dictionary}},
howpublished = {[online]},
year = {cit. 2014-03-19},
url = {http://support.esri.com/en/knowledgebase/Gisdictionary/browse},
}

@Misc{castis,
key = {CastIS},
title = {{CastIS - systém správy mobiliárních fondů}},
howpublished = {[online]},
year = {cit. 2014-04-16},
url = {http://www.castis.cz/},
}

@Misc{mis,
key = {MIS},
title = {{MIS - Metainformační systém}},
howpublished = {[online]},
year = {cit. 2014-04-16},
url = {http://iispp.npu.cz/mis_public/homepage.htm},
}

@Misc{arcdata,
key = {ARCDATA PRAHA},
title = {{ARCDATA PRAHA - ArcGIS}},
howpublished = {[online]},
year = {cit. 2014-05-03},
url = {http://www.arcdata.cz/produkty-a-sluzby/software/arcgis/},
}
